<record><leader>00000cas a22000007a 4500</leader><controlfield tag="001">18581658</controlfield><controlfield tag="008">881007d19291969nduwr ne      0    0eng d</controlfield><datafield ind1=" " ind2=" " tag="010"><subfield code="a">sn 88076088 </subfield></datafield><datafield ind1=" " ind2=" " tag="040"><subfield code="a">NOP</subfield><subfield code="b">eng</subfield><subfield code="c">NOP</subfield><subfield code="d">OCLCQ</subfield></datafield><datafield ind1=" " ind2=" " tag="042"><subfield code="a">msc</subfield></datafield><datafield ind1="0" ind2="4" tag="245"><subfield code="a">The Bottineau courant and Bottineau County herald.</subfield></datafield><datafield ind1=" " ind2=" " tag="260"><subfield code="a">Bottineau, Bottineau County, N.D. :</subfield><subfield code="b">Bottineau Co-Operative Pub. Co.</subfield></datafield><datafield ind1=" " ind2=" " tag="300"><subfield code="a">43 v. :</subfield><subfield code="b">ill. ;</subfield><subfield code="c">58 cm.</subfield></datafield><datafield ind1=" " ind2=" " tag="310"><subfield code="a">Weekly</subfield></datafield><datafield ind1="0" ind2=" " tag="362"><subfield code="a">Vol. 18, no. 48 (Aug. 1, 1929)-v. 18, no. 49 (Aug. 8, 1929); v. 43, no. 50 (Aug. 15, 1929)-v. 84, no. 4 (Dec. 17, 1969).</subfield></datafield><datafield ind1=" " ind2=" " tag="500"><subfield code="a">"Official newspaper of Bottineau County and City", 1929-1969.</subfield></datafield><datafield ind1=" " ind2=" " tag="530"><subfield code="a">Available on microfilm from the State Historical Society of North Dakota.</subfield></datafield><datafield ind1=" " ind2=" " tag="752"><subfield code="a">United States</subfield><subfield code="b">North Dakota</subfield><subfield code="c">Bottineau</subfield><subfield code="d">Bottineau.</subfield></datafield><datafield ind1="0" ind2="4" tag="780"><subfield code="t">Bottineau courant (Bottineau, N.D. : 1895)</subfield><subfield code="w">(DLC)sn 88076086</subfield></datafield><datafield ind1="0" ind2="4" tag="780"><subfield code="t">Bottineau County herald</subfield><subfield code="w">(DLC)sn 88076085</subfield></datafield><datafield ind1="0" ind2="0" tag="785"><subfield code="t">Bottineau courant (Bottineau, N.D. : 1969)</subfield><subfield code="w">(DLC)sn 88076089</subfield></datafield></record>